% Encoding: UTF-8

@Misc{who2017,
  author = {{World Health Organization}},
  note   = {\url{https://www.who.int/news-room/fact-sheets/detail/cardiovascular-diseases-(cvds)}, Last accessed on 2020-10-12},
  title  = {Cardiovascular diseases (CVDs)},
  year   = {2017},
}

@misc{pythonqrs,
  doi = {10.5281/ZENODO.826614},
  url = {https://zenodo.org/record/826614},
  author = {{Michał Sznajder} and Łukowska,  Marta},
  keywords = {online ecg qrs detection,  offline ecg qrs detection,  qrs detector,  qrs detection,  ecg signal,  ecg signal python,  ecg qrs detection,  qrs complex,  pan tomkins qrs detection,  python ecg,  python qrs,  python ecg qrs detector,  ecg filtering,  interoception,  interoceptive awareness,  heartbeat tracking task,  heartbeat discrimination task,  tapping to heartbeat task},
  title = {Python Online And Offline Ecg Qrs Detector Based On The Pan-Tomkins Algorithm},
  publisher = {Zenodo},
  year = {2017},
  copyright = {Open Access}
}

@Misc{physio2020,
  author = {{PhysioNet}},
  note   = {\url{https://physionetchallenges.github.io/2020/}, Last accessed on 2020-10-12},
  title  = {Classification of 12-lead ECGs: the PhysioNet/Computing in Cardiology Challenge 2020},
  year   = {2020},
}

@Misc{challengeclassificationrepo,
  author = {{PhysioNet}},
  note   = {\url{https://github.com/physionetchallenges/python-classifier-2020}, Last accessed on 2020-10-12},
  title  = {Example classifier code for Python for the PhysioNet/CinC Challenge 2020},
  year   = {2020},
}

@Misc{challengeevaluationrepo,
  author = {{PhysioNet}},
  note   = {\url{https://github.com/physionetchallenges/evaluation-2020}, Last accessed on 2020-10-12},
  title  = {PhysioNet/CinC Challenge 2020 Evaluation Metrics},
  year   = {2020},
}

@Misc{forkedclassificationrepo,
  author = {Paulo Augusto Alves Luz Viana and Christian Hideki Maekawa and Felipe Marinho Tavares},
  note   = {\url{https://github.com/Kotzly/python-classifier-2020}, Last accessed on 2020-10-12},
  title  = {Example classifier code for Python for the PhysioNet/CinC Challenge 2020},
  year   = {2020},
}

@Misc{forkedevaluationrepo,
  author = {Paulo Augusto Alves Luz Viana and Christian Hideki Maekawa and Felipe Marinho Tavares},
  note   = {\url{https://github.com/Kotzly/evaluation-2020}, Last accessed on 2020-10-12},
  title  = {PhysioNet/CinC Challenge 2020 Evaluation Metrics},
  year   = {2020},
}


@Misc{opas2020,
  author = {{Organização Pan-Americana da Saúde}},
  note   = {\url{https://www.paho.org/pt/topicos/doencas-cardiovasculares}, Last accessed on 2020-10-12},
  title  = {Doenças cardiovasculares},
  year   = {2020},
}

@Article{alday2020classification,
  author    = {Alday, Erick A Perez and Gu, Annie and Shah, Amit and Robichaux, Chad and Wong, An-Kwok Ian and Liu, Chengyu and Liu, Feifei and Rad, Ali Bahrami and Elola, Andoni and Seyedi, Salman and others},
  journal   = {medRxiv},
  title     = {Classification of 12-lead ECGs: the PhysioNet - Computing in Cardiology Challenge 2020},
  year      = {2020},
  publisher = {Cold Spring Harbor Laboratory Press},
}

@inproceedings{wang2020towards,
  title={Towards fairness in visual recognition: Effective strategies for bias mitigation},
  author={Wang, Zeyu and Qinami, Klint and Karakozis, Ioannis Christos and Genova, Kyle and Nair, Prem and Hata, Kenji and Russakovsky, Olga},
  booktitle={Proceedings of the IEEE/CVF Conference on Computer Vision and Pattern Recognition},
  pages={8919--8928},
  year={2020},
  note={Google Scholar citations: 14}
}

@article{bolukbasi2016man,
  title={Man is to computer programmer as woman is to homemaker? debiasing word embeddings},
  author={Bolukbasi, Tolga and Chang, Kai-Wei and Zou, James Y and Saligrama, Venkatesh and Kalai, Adam T},
  journal={Advances in neural information processing systems},
  volume={29},
  pages={4349--4357},
  year={2016}
}

@Comment{jabref-meta: databaseType:bibtex;}
